% Encoding: UTF-8

@BOOK{hartley2006,
  title = {Multiple view geometry in computer vision},
  publisher = {Cambridge University Press},
  year = {2006},
  editor = {Cambridge University Press},
  author = {Hartley, Richard and Zisserman, Andrew},
  pages = {655},
  edition = {2},
  owner = {rober},
  timestamp = {2006.08.17}
}

@INPROCEEDINGS{Lowe1999,
  author = {Lowe, D.G.},
  title = {Object recognition from local scale-invariant features},
  booktitle = {Proceedings of the International Conference on Computer Vision},
  year = {1999},
  month = {September},
  owner = {rober},
  timestamp = {2006.11.16}
}

@ARTICLE{Tuytelaars2008,
  author = {Tuytelaars, T. and Mikolajczyk, K.},
  title = {Local Invariant Feature Detectors: A Survey},
  journal = {Foundations and Trends in Computer Graphics and Vision},
  year = {2008},
  volume = {3},
  pages = {177--280},
  number = {3},
  owner = {rober},
  timestamp = {2008.07.08}
}

@MISC{bibtex,
  title = {BibTex},
  howpublished = {\url{http://en.wikipedia.org/wiki/BibTeX}},
  owner = {rober},
  timestamp = {2010.03.08}
}

@MISC{jabref,
  title = {JabRef},
  howpublished = {\url{http://jabref.sourceforge.net/}},
  owner = {rober},
  timestamp = {2010.03.08}
}

@Misc{texmaker,
  title        = {TexMaker},
  howpublished = {\url{https://www.xm1math.net/texmaker/index.html/}},
  owner        = {rober},
  timestamp    = {2010.03.08},
}

@MISC{wikibook,
  title = {LaTex - wikibook},
  howpublished = {\url{http://en.wikibooks.org/wiki/LaTeX}},
  owner = {rober},
  timestamp = {2010.05.21}
}

@book{wilken2018angular,
  title={Angular in action},
  author={Wilken, Jeremy},
  year={2018},
  publisher={Simon and Schuster}
}

@book{hohensee2014introduccion,
  title={Introducci{\'o}n a Android Studio. Incluye proyectos reales y el c{\'o}digo fuente},
  author={Hohensee, Barbara},
  year={2014},
  publisher={Babelcube Inc.}
}
@article{welch2021short,
  title={The short physical performance battery (SPPB): a quick and useful tool for fall risk stratification among older primary care patients},
  author={Welch, Sarah A and Ward, Rachel E and Beauchamp, Marla K and Leveille, Suzanne G and Travison, Thomas and Bean, Jonathan F},
  journal={Journal of the American Medical Directors Association},
  volume={22},
  number={8},
  pages={1646--1651},
  year={2021},
  publisher={Elsevier}
}

@Comment{jabref-meta: databaseType:bibtex;}
